@article{sparrow2007killer,
  title={Killer robots},
  author={Sparrow, R.},
  journal={Journal of applied philosophy},
  volume={24},
  number={1},
  pages={62--77},
  year={2007},
  publisher={Wiley Online Library}
}

@incollection{swoboda2018responsibility,
  author={Swoboda, T.},
  title={Prediction and Control of Autonomous Weapon Systems - An Alleged Responsibility Gap},
  booktitle={Philosophy and Theory of Artificial Intelligence III},
  publisher={SAPERE; Berlin: Springer},
  editor={MÃ¼ller, V. C.},
  year={2018}
}

@inproceedings{abbeel2007application,
  title={An application of reinforcement learning to aerobatic helicopter flight},
  author={Abbeel, P. and Coates, A. and Quigley, M. and Ng, A.},
  booktitle={Advances in neural information processing systems},
  year={2007}
}

@article{mnih2013playing,
  title={Playing atari with deep reinforcement learning},
  author={Mnih, V. and Kavukcuoglu, K. and Silver, D. and Graves, A. and Antonoglou, I. and Wierstra, D. and Riedmiller, M.},
  journal={arXiv preprint arXiv:1312.5602},
  year={2013}
}


@book{thomson1990realm,
  title={The realm of rights},
  author={Thomson, Judith Jarvis},
  year={1990},
  publisher={Harvard University Press}
}

@book{feinberg2014rights,
  title={Rights, justice, and the bounds of liberty: Essays in social philosophy},
  author={Feinberg, J.},
  volume={148},
  year={2014},
  publisher={Princeton University Press}
}

@article{estlund2011human,
  title={Human nature and the limits (if any) of political philosophy},
  author={Estlund, David},
  journal={Philosophy \& Public Affairs},
  volume={39},
  number={3},
  pages={207--237},
  year={2011},
  publisher={Wiley Online Library}
}

@ARTICLE{lehman2018creativity,
   author = {{Lehman}, J. and {Clune}, J. and {Misevic}, D. and {Adami}, C. and 
  {Beaulieu}, J. and {Bentley}, P.~J. and {Bernard}, S. and {Beslon}, G. and 
  {Bryson}, D.~M. and {Chrabaszcz}, P. and {Cheney}, N. and {Cully}, A. and 
  {Doncieux}, S. and {Dyer}, F.~C. and {Olav Ellefsen}, K. and 
  {Feldt}, R. and {Fischer}, S. and {Forrest}, S. and {Fr{\'e}noy}, A. and 
  {Gagn{\'e}}, C. and {Le Goff}, L. and {Grabowski}, L.~M. and 
  {Hodjat}, B. and {Hutter}, F. and {Keller}, L. and {Knibbe}, C. and 
  {Krcah}, P. and {Lenski}, R.~E. and {Lipson}, H. and {MacCurdy}, R. and 
  {Maestre}, C. and {Miikkulainen}, R. and {Mitri}, S. and {Moriarty}, D.~E. and 
  {Mouret}, J.-B. and {Nguyen}, A. and {Ofria}, C. and {Parizeau}, M. and 
  {Parsons}, D. and {Pennock}, R.~T. and {Punch}, W.~F. and {Ray}, T.~S. and 
  {Schoenauer}, M. and {Shulte}, E. and {Sims}, K. and {Stanley}, K.~O. and 
  {Taddei}, F. and {Tarapore}, D. and {Thibault}, S. and {Weimer}, W. and 
  {Watson}, R. and {Yosinksi}, J.},
    title = "{The Surprising Creativity of Digital Evolution: A Collection of Anecdotes from the Evolutionary Computation and Artificial Life Research Communities}",
  journal = {ArXiv e-prints},
archivePrefix = "arXiv",
   eprint = {1803.03453},
 keywords = {Computer Science - Neural and Evolutionary Computing},
     year = {2018},
   adsurl = {http://adsabs.harvard.edu/abs/2018arXiv180303453L},
}

@article{armstrong2017low,
  title={Low Impact Artificial Intelligences},
  author={Armstrong, S. and Levinstein, B.},
  journal={arXiv preprint arXiv:1705.10720},
  year={2017}
}

@inproceedings{abel2016reinforcement,
  title={Reinforcement Learning as a Framework for Ethical Decision Making.},
  author={Abel, David and MacGlashan, James and Littman, Michael L},
  booktitle={AAAI Workshop: AI, Ethics, and Society},
  volume={16},
  pages={02},
  year={2016}
}

@book{van2013logic,
  title={The logic of time: a model-theoretic investigation into the varieties of temporal ontology and temporal discourse},
  author={Van Benthem, Johan},
  volume={156},
  year={2013},
  publisher={Springer Science \& Business Media}
}

@book{horty2001agency,
  title={Agency and deontic logic},
  author={Horty, John F},
  year={2001},
  publisher={Oxford University Press}
}

@article{ding2011ltl,
  title={LTL control in uncertain environments with probabilistic satisfaction guarantees},
  author={Ding, Xu Chu Dennis and Smith, Stephen L and Belta, Calin and Rus, Daniela},
  journal={IFAC Proceedings Volumes},
  volume={44},
  number={1},
  pages={3515--3520},
  year={2011},
  publisher={Elsevier}
}

@inproceedings{wolff2012robust,
  title={Robust control of uncertain Markov decision processes with temporal logic specifications},
  author={Wolff, Eric M and Topcu, Ufuk and Murray, Richard M},
  booktitle={Decision and Control (CDC), 2012 IEEE 51st Annual Conference on},
  pages={3372--3379},
  year={2012},
  organization={IEEE}
}

@article{prakken1997dyadic,
  title={Dyadic deontic logic and contrary-to-duty obligations},
  author={Prakken, Henry and Sergot, Marek},
  journal={Synthese Library},
  pages={223--262},
  year={1997},
  publisher={KLUWER ACADEMIC PUBLISHERS GROUP}
}

@inproceedings{ng2000algorithms,
  title={Algorithms for inverse reinforcement learning.},
  author={Ng, Andrew Y and Russell, Stuart J and others},
  booktitle={Icml},
  pages={663--670},
  year={2000}
}

@article{reese2016tay,
    author = {Reese, H.},
    title = {{Why Microsoft's 'Tay' AI bot went wrong}},
    journaltitle = {Tech Republic},
    year = {2016},
    url={https://www.techrepublic.com/article/why-microsofts-tay-ai-bot-went-wrong/}
    note={Accessed: June 21, 2018}
}

@inproceedings{armstrong2015motivated,
  title={Motivated Value Selection for Artificial Agents.},
  author={Armstrong, S.},
  booktitle={AAAI Workshop: AI and Ethics},
  year={2015}
}

@article{soares2015value,
  title={The value learning problem},
  author={Soares, N.},
  journal={Machine Intelligence Research Institute, Berkley},
  year={2015},
  publisher={Citeseer}
}

@book{sutton1998reinforcement,
  title={Reinforcement learning: An introduction},
  author={Sutton, R. S. and Barto, A. G},
  volume={1},
  number={1},
  year={1998},
  publisher={The MIT Press, Cambridge, Massachusetts}
}

@inproceedings{arnold2017value,
  title={Value alignment or misalignment -- what will keep systems accountable},
  author={Arnold, T. and Kasenberg, D. and Scheutz, M.},
  booktitle={3rd International Workshop on AI, Ethics, and Society},
  year={2017}
}

@article{mclauhghlin_2016,
  title={Do Allergies At School Take Priority Over A Service Dog?},
  url={https://www.huffingtonpost.ca/danielle-s-mclaughlin/service-dogs-allergies-school_b_12905606.html?guccounter=1},
  journal={Huffington Post},
  author={McLauhghlin, D. S.},
  year={2016},
  month={Nov},
  note={Accessed: June 01, 2018}
}

@book{rawls1999justice,
  author={Rawls, J.},
  title={A Theory of Justice},
  chapter={9},
  pages={40-46},
  publisher={Oxford University Press},
  edition={Revised},
  year={1999},
}

@incollection{mcdermott2008analytic,
  title={Analytical political philosophy},
  author={McDermott, Daniel},
  year={2008},
  booktitle={Political Theory: Methods and Approaches},
  publisher={Oxford University Press},
  pages={11-28},
  editor={Leopold, D. and Stears, M.} 
}

@article{oberdiek2008specifying,
  title={Specifying rights out of necessity},
  author={Oberdiek, J.},
  journal={Oxford Journal of Legal Studies},
  volume={28},
  number={1},
  pages={127--146},
  year={2008},
  publisher={Oxford University Press}
} 

@misc{silver2016go, 
title={AlphaGo: Mastering the ancient game of Go with Machine Learning },
url={https://ai.googleblog.com/2016/01/alphago-mastering-ancient-game-of-go.html}, 
journal={Google AI Blog}, 
publisher={Google}, 
author={Silver, D. and Hassabis, D.}, 
year={2016}, 
month={Jan},
urldate = {2018-05-29},
note={Accessed: June 01, 2018}
}


@misc{USDoD2012autonomy, 
title={Task force report: The role of autonomy  in  DoD  systems},
url={{https://fas.org/irp/agency/dod/dsb/autonomy.pdf}}, 
journal={}, 
publisher={}, 
author={{U.S. Department of Defense}}, 
year={2012}, 
urldate = {2018-08-20},
note={Accessed: August 20, 2018}
}

@misc{USDoD2012roadmap, 
title={Unmanned Systems Integrated Roadmap FY2013-2038},
url={{https://info.publicintelligence.net/DoD-UnmannedRoadmap-2013.pdf}}, 
journal={}, 
publisher={}, 
author={{U.S. Department of Defense}}, 
year={2013}, 
urldate = {2018-08-20},
note={Accessed: August 20, 2018}
}

@misc{openai2018results, 
title={OpenAI Five Benchmark: Results},
url={{https://blog.openai.com/openai-five-benchmark-results/}}, 
journal={OpenAI Blog}, 
publisher={OpenAI}, 
author={{OpenAI Team}}, 
year={2018}, 
month={August},
urldate = {2018-08-20},
note={Accessed: August 20, 2018}
}

@ARTICLE{kott2018cyberdefense,
   author = {{Kott}, A. and {Mancini}, L.~V and {Th{\'e}ron}, P. and {Dra{\v s}ar}, M. and 
	{Dushku}, E. and {G{\"u}nther}, H. and {Kont}, M. and {LeBlanc}, B. and 
	{Panico}, A. and {Pihelgas}, M. and {Rzadca}, K.},
    title = "{Initial Reference Architecture of an Intelligent Autonomous Agent for Cyber Defense}",
  journal = {ArXiv e-prints},
archivePrefix = "arXiv",
   eprint = {1803.10664},
 primaryClass = "cs.CR",
 keywords = {Computer Science - Cryptography and Security},
     year = 2018,
    month = mar,
   adsurl = {http://adsabs.harvard.edu/abs/2018arXiv180310664K},
  adsnote = {Provided by the SAO/NASA Astrophysics Data System},
  note={Accessed: June 01, 2018}
}

@misc{tesla2016car, 
title={All Tesla Cars Being Produced Now Have Full Self-Driving Hardware},
url={https://www.tesla.com/blog/all-tesla-cars-being-produced-now-have-full-self-driving-hardware%20}, 
journal={Tesla Blog}, 
publisher={Tesla}, 
author={{The Tesla Team}}, 
year={2016}, 
month={October},
urldate = {2018-05-29},
note={Accessed: June 01, 2018}
}

@misc{openai018dota,
  title={OpenAI Five},
  url={https://blog.openai.com/openai-five/},
  journal={OpenAI Blog},
  author={{OpenAI Team}},
  year={2018},
  urldate = {2018-07-11},
  note={Accessed: July 11, 2018}
}

@misc{microsoft2018health, 
title={Microsoft and Adaptive Biotechnologies announce partnership using AI to decode immune system; diagnose, treat disease},
url={https://blogs.microsoft.com/blog/2018/01/04/microsoft-adaptive-biotechnologies-announce-partnership-using-ai-decode-immune-system-diagnose-treat-disease/}, 
journal={Official Microsoft Blog}, 
publisher={Microsoft}, 
author={Lee, P.}, 
year={2018}, 
month={January},
urldate = {2018-05-29},
note={Accessed: June 01, 2018}
}